<?xml version="1.0" encoding="utf-8"?>
<record xmlns="http://www.loc.gov/MARC21/slim" xmlns:xsi="http://www.w3.org/2001/XMLSchema-instance" xsi:schemaLocation="http://www.loc.gov/MARC21/slim http://www.loc.gov/standards/marcxml/schema/MARC21slim.xsd">
	<leader>     nam a22     Mi 4500</leader>
	<controlfield tag="001">b12998436</controlfield>
	<controlfield tag="003">UaCaAUL</controlfield>
	<controlfield tag="006">m        d        </controlfield>
	<controlfield tag="007">cr cn |||m|||a</controlfield>
	<controlfield tag="008">190222s1869    ua      o     000 0 arao </controlfield>
	<datafield ind1=" " ind2=" " tag="040">
		<subfield code="a">ZYU</subfield>
		<subfield code="b">ara</subfield>
		<subfield code="e">rda</subfield>
		<subfield code="c">ZYU</subfield>
	</datafield>
	<datafield ind1="0" ind2="4" tag="050">
		<subfield code="a">PJ7802.I15</subfield>
		<subfield code="b">S8 1869</subfield>
	</datafield>
	<datafield ind1="1" ind2=" " tag="100">
		<subfield code="6">880-01</subfield>
		<subfield code="a">Ibn Abī al-Rabīʻ, Aḥmad ibn Muḥammad,</subfield>
		<subfield code="e">author.</subfield>
	</datafield>
	<datafield ind1="1" ind2="0" tag="240">
		<subfield code="6">880-02</subfield>
		<subfield code="a">Sulūk al-Mālik fī tadbīr al-mamālik</subfield>
	</datafield>
	<datafield ind1="1" ind2="0" tag="245">
		<subfield code="6">880-03</subfield>
		<subfield code="a">Kitāb sulūk al-mālik fī tadbīr al-mamālik ... /</subfield>
		<subfield code="c">taʼlīf al-ʻallāmah Shihāb al-Dīn Aḥmad ibn Muḥammad ibn Abī al-Rabīʻ.</subfield>
	</datafield>
	<datafield ind1="3" ind2=" " tag="246">
		<subfield code="6">880-04</subfield>
		<subfield code="a">Sulūk al-mālik fī tadbīr al-mamālik</subfield>
	</datafield>
	<datafield ind1=" " ind2="1" tag="264">
		<subfield code="6">880-05</subfield>
		<subfield code="a">[Cairo] :</subfield>
		<subfield code="b">al-Maṭbaʻah al-Khāṣṣah bi-Jamʻīyat al-Maʻārif al-Miṣrīyah,</subfield>
		<subfield code="c">1286 H. [1869]</subfield>
	</datafield>
	<datafield ind1=" " ind2=" " tag="300">
		<subfield code="a">online resource (152, 3 pages)</subfield>
	</datafield>
	<datafield ind1=" " ind2=" " tag="336">
		<subfield code="a">text</subfield>
		<subfield code="2">rdacontent</subfield>
	</datafield>
	<datafield ind1=" " ind2=" " tag="337">
		<subfield code="a">computer</subfield>
		<subfield code="2">rdamedia</subfield>
	</datafield>
	<datafield ind1=" " ind2=" " tag="338">
		<subfield code="a">online resource</subfield>
		<subfield code="2">rdacarrier</subfield>
	</datafield>
	<datafield ind1=" " ind2=" " tag="500">
		<subfield code="a">Lithographed.</subfield>
	</datafield>
	<datafield ind1=" " ind2=" " tag="500">
		<subfield code="6">880-06</subfield>
		<subfield code="a">Allafahu li-al-khalīfah al-Muʻtaṣim bi-Allāh al-ʻAbbāsī kamā dhakarahu fī al-faṣl al-awwal min al-kitāb wa-qad dhakarahu ṣāḥib Kashf al-Ẓunūn.</subfield>
	</datafield>
	<datafield ind1=" " ind2=" " tag="500">
		<subfield code="a">Part of the Arabic Collections Online (ACO) project, contributed by American University in Cairo Library.</subfield>
	</datafield>
	<datafield ind1=" " ind2=" " tag="533">
		<subfield code="a">Electronic reproduction.</subfield>
		<subfield code="b">New York, N.Y. :</subfield>
		<subfield code="c">New York University,</subfield>
		<subfield code="d">2019.</subfield>
		<subfield code="5">NNU</subfield>
	</datafield>
	<datafield ind1=" " ind2="0" tag="650">
		<subfield code="a">Islamic ethics.</subfield>
	</datafield>
	<datafield ind1=" " ind2="7" tag="650">
		<subfield code="a">Islamic ethics.</subfield>
		<subfield code="2">fast</subfield>
		<subfield code="0">(OCoLC)fst00979936</subfield>
	</datafield>
	<datafield ind1="2" ind2=" " tag="710">
		<subfield code="a">American University in Cairo.</subfield>
		<subfield code="b">Library.</subfield>
	</datafield>
	<datafield ind1="0" ind2=" " tag="730">
		<subfield code="a">Arabic Collections Online.</subfield>
	</datafield>
	<datafield ind1="0" ind2="8" tag="776">
		<subfield code="i">Online version:</subfield>
		<subfield code="a">Ibn Abī al-Rabīʻ, Aḥmad ibn Muḥammad.</subfield>
		<subfield code="s">Suūk al-Mālik fī tadbīr al-mamālik.</subfield>
		<subfield code="t">Kitāb sulūk al-mālik fī tadbīr al-mamālik.</subfield>
		<subfield code="d">[Cairo : al-Maṭbaʻah al-Khāṣṣah bi-Jamʻīyat al-Maʻārif al-Miṣrīyah, 1286 H. /1869]</subfield>
		<subfield code="w">(OCoLC)655074090</subfield>
	</datafield>
	<datafield ind1="0" ind2="8" tag="776">
		<subfield code="i">Print version:</subfield>
		<subfield code="a">Ibn Abī al-Rabīʻ, Aḥmad ibn Muḥammad, author.</subfield>
		<subfield code="t">Kitāb sulūk al-mālik fī tadbīr al-mamālik</subfield>
		<subfield code="w">(UaCaAUL)b12998436</subfield>
		<subfield code="w">(DLC)   59039736 </subfield>
		<subfield code="w">(OCoLC)32427428</subfield>
	</datafield>
	<datafield ind1="4" ind2="0" tag="856">
		<subfield code="u">http://hdl.handle.net/2333.1/zpc86g0h</subfield>
	</datafield>
	<datafield ind1="1" ind2=" " tag="880">
		<subfield code="6">100-01</subfield>
		<subfield code="a">بن أبى الربيع، أحمد ابن محمد.</subfield>
	</datafield>
	<datafield ind1="1" ind2="0" tag="880">
		<subfield code="6">240-02</subfield>
		<subfield code="a">كتاب سلوك المالك في تدبير الممالك</subfield>
	</datafield>
	<datafield ind1="1" ind2="0" tag="880">
		<subfield code="6">245-03</subfield>
		<subfield code="a">كتاب سلوك المالك في تدبير الممالك ... /</subfield>
		<subfield code="c">تأليف العلامة شهاب الدين أحمد بن محمد بن أبي الربيع.</subfield>
	</datafield>
	<datafield ind1="3" ind2=" " tag="880">
		<subfield code="6">246-04</subfield>
		<subfield code="a">كتاب سلوك المالك في تدبير الممالك</subfield>
	</datafield>
	<datafield ind1=" " ind2="1" tag="880">
		<subfield code="6">264-05</subfield>
		<subfield code="a">[Cairo] :</subfield>
		<subfield code="b">المطبعة الخاصة بجمعية المعارف المصرية،</subfield>
		<subfield code="c">1286 هـ. [1869]</subfield>
	</datafield>
	<datafield ind1=" " ind2=" " tag="880">
		<subfield code="6">500-06</subfield>
		<subfield code="a">ألفه للخليفة المعتصم بالله العباسي كما ذكره في الفصل الأول من الكتاب وقد ذكره صاحب كشف الظنون.</subfield>
	</datafield>
	<datafield ind1=" " ind2=" " tag="959">
		<subfield code="a">NNU</subfield>
		<subfield code="b">WEB</subfield>
		<subfield code="c">GENI</subfield>
		<subfield code="t">0</subfield>
		<subfield code="m">Electronic access</subfield>
		<subfield code="s">01</subfield>
	</datafield>
	<datafield ind1=" " ind2=" " tag="999">
		<subfield code="i">UaCaAUL_b12998436</subfield>
		<subfield code="o">(OCoLC)ocm32427428 </subfield>
		<subfield code="s">auc_aco000461</subfield>
	</datafield>
</record>
